@article{Hoare1978,
	Author = {Thomas M. J. Fruchterman and Edward and Edward M. Reingold},
	Date-Added = {2008-03-23 18:13:21 +0000},
	Date-Modified = {2008-03-23 18:13:21 +0000},
	Journal = {Communications of the ACM},
	Month = aug,
	Number = 8,
	Pages = {666-677},
	Title = {Communicating Sequential Processes},
	Volume = 21,
	Year = 1978
}
