@inproceedings{DBLP:conf/lopstr/HughesO20,
  author    = {Jack Hughes and
               Dominic Orchard},
  title     = {Resourceful Program Synthesis from Graded Linear Types},
  booktitle = {Logic-Based Program Synthesis and Transformation - 30th International
               Symposium, {LOPSTR} 2020, Bologna, Italy, September 7-9, 2020, Proceedings},
  pages     = {151--170},
  year      = {2020},
  url       = {https://doi.org/10.1007/978-3-030-68446-4\_8},
  doi       = {10.1007/978-3-030-68446-4\_8},
  timestamp = {Tue, 02 Mar 2021 11:26:26 +0100},
  biburl    = {https://dblp.org/rec/conf/lopstr/HughesO20.bib},
  bibsource = {dblp computer science bibliography, https://dblp.org}
}

@inproceedings{DBLP:journals/corr/abs-2112-14966,
  author       = {Jack Hughes and
                  Michael Vollmer and
                  Dominic Orchard},
  editor       = {Ugo Dal Lago and
                  Valeria de Paiva},
  title        = {Deriving Distributive Laws for Graded Linear Types},
  booktitle    = {Proceedings Second Joint International Workshop on Linearity {\&}
                  Trends in Linear Logic and Applications, Linearity{\&}TLLA@IJCAR-FSCD
                  2020, Online, 29-30 June 2020},
  series       = {{EPTCS}},
  volume       = {353},
  pages        = {109--131},
  year         = {2020},
  url          = {https://doi.org/10.4204/EPTCS.353.6},
  doi          = {10.4204/EPTCS.353.6},
  timestamp    = {Wed, 22 Mar 2023 07:28:23 +0100},
  biburl       = {https://dblp.org/rec/journals/corr/abs-2112-14966.bib},
  bibsource    = {dblp computer science bibliography, https://dblp.org}
}